<?xml version="1.0" encoding="UTF-8"?><collection xmlns="http://www.loc.gov/MARC21/slim"><record><leader>00505nam--2200133-i-4500</leader><controlfield tag="001">000019799</controlfield><controlfield tag="002">20161230</controlfield><controlfield tag="005">20161230201033</controlfield><controlfield tag="008">060222s1000------------r-----000-0-eng-d</controlfield><datafield ind1=" " ind2=" " tag="080"><subfield code="a">550.3(043)</subfield></datafield><datafield ind1=" " ind2=" " tag="100"><subfield code="a">Fleitout, Luce</subfield></datafield><datafield ind1=" " ind2=" " tag="245"><subfield code="a">Influence de la rheologie et du couplas thermomecanique sur le cisaillement dans le monteau terrestre:applications a l`asthenosphere oceanique,aux nones de subduction et aux failles transformants.these</subfield></datafield><datafield ind1=" " ind2=" " tag="260"><subfield code="a">Orsay,Universite De Paris-sud, 1977.128 P</subfield></datafield><datafield ind1=" " ind2=" " tag="852"><subfield code="a">46382</subfield></datafield></record></collection>